@article{BridgeVibrations,
  author = {Saidin S.S., Jamadin A., Abdul Kudus S., et al.},
  title = {An Overview: The Application of Vibration-Based
 Techniques in Bridge Structural Health Monitoring.},
	journal = {Int J Concr Struct Mater},
	volume = {16}, 
	number ={69},
	year = {2022}, 
	url = {https://ijcsm.springeropen.com/articles/10.1186/s40069-022-00557-1},
	doi = {https://doi.org/10.1186/s40069-022-00557-1},
  publisher = {Springer Nature}
}
@article{LoRaAgriculture, 
	author = {Chanwattanapong W., Hongdumnuenm S., Kumkhet B., et al.},
	title = {LoRa Network Based Multi-Wireless Sensor Nodes
and LoRa Gateway for Agriculture Application},
	journal = {Research, Invention, and Innovation Congress: Innovation Electricals and Electronics}, 
	year = {2021}, 
	doi = {10.1109/RI2C51727.2021.9559804}, 
	publisher = {IEEE}
}
@article{LoRaAgriculture2, 
	Author = {Gehani A., Shatagopam S.H, Raghav R., et al.}, 
	title= {Application of 915 MHz Band LoRa for AgroInformatics},
	journal = {Wireless Telecommunications Symposium (WTS)}, 
	year = {2021}, 
	doi = {10.1109/WTS51064.2021.9433712}, 
	publisher = {IEEE}
}
@article{LoRaWater, 
	Author = {Pule M., Yahya A., Chuma J.}, 
	title = {Wireless sensor networks: A survey on monitoring water quality}, 
	journal = {Journal of Applied Research
and Technology}, 
	year = {2018}, 
	doi = {https://doi.org/10.1016/j.jart.2017.07.004},
	publisher = {CCADET}
}
@article{MachineL, 
	Author = {Niyirora R., Ji W., Masengesho E., et al.}, 
	title = {Intelligent damage diagnosis in bridges using vibration-based monitoring approaches and machine learning: A systematic review}, 
	journal = {Results in Engineering}, 
	volume = {16}, 
	year = {2022}, 
	url = {https://www.sciencedirect.com/science/article/pii/S2590123022004315}, 
	doi = {https://doi.org/10.1016/j.rineng.2022.100761}, 
	publisher = {ELSEVIER}
}

