@article{WSN-WaterQual, 
	author = {Mompoloki Pule and Abid Yahya and Joseph Chuma}, 
	title = {Wireless sensor networks: A survey on monitoring water quality}, 
	journal = {Journal of Applied Research and Technology}, 
	volume = {15}, 
	number = {6}, 
	pages = {562-570},	
	year = {2017}, 
	url = {https://www.sciencedirect.com/science/article/pii/S1665642317301037},
	doi = {https://doi.org/10.1016/j.jart.2017.07.004}, 
	issn = {1665-6423}
}

@article{IOTandLORAWAN-SmartFarm,
	author = {Citoni, Bruno and Fioranelli, Francesco and Imran, Muhammad A. and Abbasi, Qammer H.}, 
	title = {Internet of Things and LoRaWAN-Enabled Future Smart Farming}, 
	journal = {IEEE Internet of Things Magazine},
	volume = {2}, 
	number = {4}, 
	pages = {14-19}, 
	year = {2019}, 
	url = {https://ieeexplore.ieee.org/document/8982742},
	doi = {10.1109/IOTM.0001.1900043}
}

@conference{ZigBeeAirPolution, 
	author = {Zhi-gang, Han and Cai-hui, Cui}, 
	booktitle = {2009 International Conference on Environmental Science and Information Application Technology}, 
	title = {The Application of Zigbee Based Wireless Sensor Network and GIS in the Air Pollution Monitoring}, 
	year = {2009}, 
	volume = {2}, 
	pages = {546-549}, 
	doi = {10.1109/ESIAT.2009.192}
}

@conference{BTenergySaving, 
	author = {Hsu, Chun-Liang and Yang, Sheng-Yuan}, 
	booktitle = {2010 International Computer Symposium (ICS2010)}, 
	title = {Active \& intelligent energy-saving system designed with WSN modules and efficiency analysis}, 
	year = {2010}, 
	pages = {435-440}, 
	doi = {10.1109/COMPSYM.2010.5685473}
}

@book{IoT, 
	author = {Singh, Dushyant Kumar and Jerath, Himani and Raja, P.}, 
	publisher = {John Wiley \& Sons, Ltd},
	isbn = {9781119761785},
	title = {Internet of Things – Definition, Architecture, Applications, Requirements and Key Research Challenges},
	booktitle = {Design and Development of Efficient Energy Systems},
	chapter = {16},
	pages = {285-295},
	doi = {https://doi.org/10.1002/9781119761785.ch16},
	url = {https://onlinelibrary.wiley.com/doi/abs/10.1002/9781119761785.ch16},
	eprint = {https://onlinelibrary.wiley.com/doi/pdf/10.1002/9781119761785.ch16},
	year = {2022}
}

@conference{LoRaWAN-Smart-Infrastructure-Monitoring, 
	author={Chaudhari, Priyanka and Tiwari, Aman Kumar and Pattewar, Shardul and Shelke, S. N.},
	booktitle={2021 International Conference on System, Computation, Automation and Networking (ICSCAN)}, 
	title={Smart Infrastructure Monitoring using LoRaWAN Technology}, 
	year={2021},
	volume={},
	number={},
	pages={1-6},
	doi={10.1109/ICSCAN53069.2021.9526490}
}

@conference{LoRaWAN-WSN-Agricultual-Application, 
	author={Chanwattanapong, Wanchalerm and Hongdumnuen, Suthat and Kumkhet, Boonyarit and Junon, Supaset and Sangmahamad, Pubet},
 	booktitle={2021 Research, Invention, and Innovation Congress: Innovation Electricals and Electronics (RI2C)}, 
  	title={LoRa Network Based Multi-Wireless Sensor Nodes and LoRa Gateway for Agriculture Application}, 
  	year={2021},
  	volume={},
  	number={},
  	pages={133-136},
  	doi={10.1109/RI2C51727.2021.9559804}
}

@conference{LoRa-Agro-Informatics, 
 	author={Gehani, Aarti and Harsha Shatagopam, Sri and Raghav, Rahul and Sarkar, Mahasweta and Paolini, Christopher},
 	booktitle={2021 Wireless Telecommunications Symposium (WTS)}, 
	title={Application of 915 MHz Band LoRa for Agro-Informatics}, 
 	year={2021},
	pages={1-4},
 	doi={10.1109/WTS51064.2021.9433712}
}

@conference{LoRa-WSN, 
	author={Wixted, Andrew J and Kinnaird, Peter and Larijani, Hadi and Tait, Alan and Ahmadinia, Ali and Strachan, Niall},
	booktitle={2016 IEEE SENSORS}, 
	title={Evaluation of LoRa and LoRaWAN for wireless sensor networks}, 
	year={2016},
	pages={1-3},
	doi={10.1109/ICSENS.2016.7808712}
}

@conference{IoT-Regional-Service, 
	author={Fox, John and Donnellan, Andrew and Doumen, Liam},
	booktitle={2019 IEEE 5th World Forum on Internet of Things (WF-IoT)}, 
	title={The deployment of an IoT network infrastructure, as a localised regional service}, 
	year={2019},
	pages={319-324},
	doi={10.1109/WF-IoT.2019.8767188}
}

@conference{LoRa-Smart-Home, 
	author={Mu’amar Wildan, F.A.R. and Hamidi, Eki Ahmad Zaki and Juhana, Tutun},
 	booktitle={2020 6th International Conference on Wireless and Telematics (ICWT)}, 
	title={The Design of Application for Smart Home Base on LoRa}, 
	year={2020},
	pages={1-6},
	doi={10.1109/ICWT50448.2020.9243648}
}

@conference{Monitoring-Electric-Parameters, 
	author={Maziero, Lucas and Marchesan, Tiago Bandeira and Barriquello, Carlos Henrique and Bernardon, Daniel Pinheiro and Carloto, Filipe Gabriel and Reck, Flávio Garlet and Vizzotto, William Dotto and Garcia, Fernando Vedoin},
	booktitle={2019 IEEE PES Innovative Smart Grid Technologies Conference - Latin America (ISGT Latin America)}, 
	title={Monitoring of Electric Parameters in the Federal University of Santa Maria Using LoRaWAN Technology}, 
	year={2019},
	pages={1-6},
  doi={10.1109/ISGT-LA.2019.8895425}
}

@conference{Monitoring-System-Smart-Gateway, 
	author={Eridani, Dania and Widianto, Eko Didik and Augustinus, Richard Dwi Olympus and Faizal, Al Arthur},
	booktitle={2019 International Seminar on Research of Information Technology and Intelligent Systems (ISRITI)}, 
	title={Monitoring System in Lora Network Architecture using Smart Gateway in Simple LoRa Protocol}, 
	year={2019},
	pages={200-204},
	doi={10.1109/ISRITI48646.2019.9034612}
}

@conference{Dandelion-Testbed, 
	author={Wang, Zheng and Xu, ZhenQiang and Dong, BaiShun and Xu, WeiMin and Yang, Jing},
	booktitle={2019 15th International Conference on Mobile Ad-Hoc and Sensor Networks (MSN)}, 
	title={Dandelion: An Online Testbed for LoRa Development}, 
	year={2019},
	pages={439-444},
	doi={10.1109/MSN48538.2019.00089}
}

@article{WSSN-Korean-Bridge, 
	authors={Cho, Soojin and Jo, Hongki and Jang, Shinae and Park, Jongwoong and Jung, Hyung-Jo and Yun, Chung-Bang and Spencer, Billie F., and Seo, Ju-Won}, 
	title={Structural health monitoring of a cable-stayed bridge using wireless smart sensor technology: data analyses},
	journal={Smart Structures and Systems}, 
	volume={6}, 
	number={5-6}, 
	pages={461-480}, 
	year={2010}, 
	url={https://shm.cs.illinois.edu/Full\%20Scale\%20Papers/6.\%20Cho\%20et\%20al.\%202010\%20Data\%20Analyses.pdf}
}

@article{SHM-Korea,
	author = {Jang, Shinae and Jo, Hongki and Cho, Soojin and Mechitov, Kirill and Bridge, Jennifer and Sim, Sung-Han and Jung, Hyung-Jo and Yun, Chung-Bangm and Spencer, Billie and Agha, Gul},
	year = {2010},
	month = {07},
	title = {Structural Health Monitoring of a Cable-Stayed Bridge Using Smart Sensor Technology: Deployment and Evaluation},
	volume = {6},
	journal = {Smart Structures and Systems},
	doi = {10.12989/sss.2010.6.5_6.439}
}

@article{SHM-IoT-Survey, 
	author={Arcadius Tokognon, C. and Gao, Bin and Tian, Gui Yun and Yan, Yan},
	journal={IEEE Internet of Things Journal}, 
	title={Structural Health Monitoring Framework Based on Internet of Things: A Survey}, 
	year={2017},
	volume={4},
	number={3},
 	pages={619-635},
	doi={10.1109/JIOT.2017.2664072}
}

@article{SHM-IoT-Magazine, 
	author={Scuro, Carmelo and Sciammarella, Paolo Francesco and Lamonaca, Francesco and Olivito, Renato Sante and Carni, Domenico Luca},
	journal={IEEE Instrumentation \& Measurement Magazine}, 
	title={IoT for structural health monitoring}, 
	year={2018},
	volume={21},
	number={6},
	pages={4-14},
	doi={10.1109/MIM.2018.8573586}
}

@misc{airtime-calc, 
	title = {Airtime Calculator for LoRaWAN}, 
	url = {https://avbentem.github.io/airtime-calculator/ttn/au915/24,12}, 
	note = {Accessed on June 11, 2023}
}

@misc{test3-range, 
	author = {Google Maps}, 
	title = {Griffith University},
	url = {https://www.google.com/maps/place/Griffith+Univ+Bridge,+Southport+QLD/@-27.9640738,153.3817182,19z/data=!4m6!3m5!1s0x6b911005c06279cb:0x5c010c795a6b8c17!8m2!3d-27.9651242!4d153.3816698!16s\%2Fg\%2F11cjg942b1?entry=ttu},
	note = {Accessed on June 11, 2023}, 
}

@inproceedings{griffith-bridge,
  title={Griffith University cable stayed pedestrian bridge},
  author={Jack Cowan Steele and L Chong and Earl Newman},
  year={2009}
}	

@misc{WIFI-RSSI, 
	title = {RSSI}, 
	url = {https://wiki.teltonika-networks.com/view/RSSI},
	author = {Teltonika}, 
	year = {2020}, 
	note = {Accessed on June 12, 2023}
}

@misc{TNN-SNR-RSSI, 
	title = {RSSI and SNR}, 
	url = {https://www.thethingsnetwork.org/docs/lorawan/rssi-and-snr/}, 
	author = {TNN}, 
	note = {Accessed on June 12, 2023}
}

@misc{LoRa-SNR-RSSI, 
	title = {LoRa}, 
	author = {Eric B.},
	url = {https://lora.readthedocs.io/en/latest/\#:~:text=Typical\%20LoRa\%20RSSI\%20values\%20are,\%3D\%2D120dBm\%3A\%20signal\%20is\%20weak.}, 
	year = {2018}, 
	note = {Accessed on June 12, 2023}
}
	